% ---------------
%
%  PixHawk overview / Getting started
%
% ----------------

@INPROCEEDINGS{meier2015px4, 
  author={Meier, L. and Honegger, D. and Pollefeys, M.}, 
  booktitle={Robotics and Automation (ICRA), 2015 IEEE International Conference on}, 
  title={{{PX4}}: A Node-Based Multithreaded Open Source Robotics Framework for Deeply Embedded Platforms}, 
  year={2015}, 
  month={Mai}, 
  volume={}, 
  number={},}


@online{pixhawk_overview,
  author={Meier, L. and Honegger, D. and Pollefeys, M.}, 
	title = {Pixhawk Autopilot},
	year = {2015},
	url = {https://pixhawk.org/modules/pixhawk},
	urldate = {2015-10-27},
}


@online{pixhawk_introduction,
  author={Meier, L. and Honegger, D. and Pollefeys, M.}, 
	title = {Pixhawk Lab},
	year = {2015},
	url = {https://pixhawk.ethz.ch/dev/tutorials/introduction},
	urldate = {2015-10-27},
}



@online{pixhawk_git_tutorial,
  author={Meier, L. and Honegger, D. and Pollefeys, M.}, 
	title = {Git Tutorial},
	year = {2015},
	url = {https://pixhawk.org/dev/git},
	urldate = {2015-10-27},
}


@online{pixhawk_wiring,
  author={Meier, L. and Honegger, D. and Pollefeys, M.}, 
	title = {Pixhawk Wiring},
	year = {2015},
  url = {https://pixhawk.org/dev/wiring},
	urldate = {2015-10-27},
}

@online{pixhawk_quickstart,
  author={Meier, L. and Honegger, D. and Pollefeys, M.}, 
	title = {Pixhawk Quickstart},
	year = {2015},
  url = {https://pixhawk.org/dev/quickstart},
	urldate = {2015-10-27},
}




@book{shotts2012linux,
  title={Linux Command Line},
  author={Shotts, W.E.},
  isbn={9781593274269},
  year={2012},
  publisher={No Starch Press}
}


@report{rtos_paper,
  author = {Hambarde P., Varma R.},
  title = {THE SURVEY of REAL TIME OPERATING SYSTEM: RTOS},
  type = {Report},
  institution = {Ramdeobaba College Of Engineering and Management, India},
  year = {2014},
}


@online{posix_pic,
  author = {Rowebots},
	title = {POSIX and Linux Compatible },
	year = {2015},
  url = {http://www.rowebots.com/img/Unison_POSIX_RTOS_Model.jpg},
	urldate = {2015-10-27},
}


@online{nuttx_overview,
	title = {NuttX RTOS, Overview },
	year = {2015},
  url = {http://www.nuttx.org/Documentation/NuttX.html#overview}
}


% ----------------------------------------------------------
%
% Toolchain
%
% ----------------------------------------------------------



% ----------------------------------------------------------
%
% PSP and Simulink
%
% ----------------------------------------------------------


@booklet{mathworks_psp,
author = {Steve Kuznicki},
title = {Pixhawk Pilot Support Package (PSP)
User Guide},
year = {2015},
}


% ----------------------------------------------------------
%
% App and Code
%
% ----------------------------------------------------------

@online{pixhawk_simple_app,
  author={Meier, L. and Honegger, D. and Pollefeys, M.},
	title = {Pixhawk Simple App},
	year = {2015},
  url = {https://pixhawk.org/dev/px4_simple_app},
	urldate = {2015-10-27},
}


@online{pixhawk_daemon,
  author={Meier, L. and Honegger, D. and Pollefeys, M.}, 
	title = {Pixhawk Daemon App},
	year = {2015},
  url = {https://pixhawk.org/dev/px4_daemon_app},
	urldate = {2015-10-27},
}


@online{pixhawk_uorb,
  author={Meier, L. and Honegger, D. and Pollefeys, M.}, 
	title = {uORB},
  year = {2015-10-27},
  url = {https://pixhawk.org/dev/shared_object_communication},
	urldate = {2015-10-27},
}



% ---------------
%
%  HIL
%
% ----------------
@online{pixhawk_hil_sim_setup,
  author={Meier, L. and Honegger, D. and Pollefeys, M.}, 
	title = {Pixhawl HiL Simulation Setup},
	year = {2015},
	url = {https://pixhawk.org/users/hil},
	urldate = {2015-10-27},
}

@online{pixhawk_hil_dev,
  author={Meier, L. and Honegger, D. and Pollefeys, M.}, 
	title = {Pixhawk HiL for Developer},
	year = {2015},
  url = {https://pixhawk.org/dev/hil/start},
	urldate = {2015-10-27},
}
